@article{fuel,
  title={FUEL: Fast UAV Exploration Using Incremental Frontier Structure and Hierarchical Planning},
  author={Zhou, Boyu and Zhang, Yichen and Chen, Xinyi and Shen, Shaojie},
  journal={IEEE Robotics and Automation Letters},
  volume={6},
  number={2},
  pages={779--786},
  year={2021},
  publisher={IEEE}
}
